%YAML 1.1
%TAG !u! tag:unity3d.com,2011:
--- !u!1 &449436037465528139
GameObject:
  m_ObjectHideFlags: 0
  m_CorrespondingSourceObject: {fileID: 0}
  m_PrefabInstance: {fileID: 0}
  m_PrefabAsset: {fileID: 0}
  serializedVersion: 6
  m_Component:
  - component: {fileID: 449436037465528138}
  - component: {fileID: 449436037465528145}
  - component: {fileID: 449436037465528142}
  - component: {fileID: 449436037465528140}
  - component: {fileID: 4725935626976236090}
  - component: {fileID: 4259615521037860454}
  - component: {fileID: 6148184216602412620}
  m_Layer: 5
  m_Name: Carrot
  m_TagString: GamePiece
  m_Icon: {fileID: 0}
  m_NavMeshLayer: 0
  m_StaticEditorFlags: 0
  m_IsActive: 1
--- !u!224 &449436037465528138
RectTransform:
  m_ObjectHideFlags: 0
  m_CorrespondingSourceObject: {fileID: 0}
  m_PrefabInstance: {fileID: 0}
  m_PrefabAsset: {fileID: 0}
  m_GameObject: {fileID: 449436037465528139}
  m_LocalRotation: {x: 0, y: 0, z: 0, w: 1}
  m_LocalPosition: {x: 0, y: 0, z: 0}
  m_LocalScale: {x: 1, y: 1, z: 1}
  m_Children: []
  m_Father: {fileID: 0}
  m_RootOrder: 0
  m_LocalEulerAnglesHint: {x: 0, y: 0, z: 0}
  m_AnchorMin: {x: 0.5, y: 0.5}
  m_AnchorMax: {x: 0.5, y: 0.5}
  m_AnchoredPosition: {x: -16.3, y: 0}
  m_SizeDelta: {x: 270, y: 135}
  m_Pivot: {x: 0.5, y: 0.5}
--- !u!222 &449436037465528145
CanvasRenderer:
  m_ObjectHideFlags: 0
  m_CorrespondingSourceObject: {fileID: 0}
  m_PrefabInstance: {fileID: 0}
  m_PrefabAsset: {fileID: 0}
  m_GameObject: {fileID: 449436037465528139}
  m_CullTransparentMesh: 0
--- !u!114 &449436037465528142
MonoBehaviour:
  m_ObjectHideFlags: 0
  m_CorrespondingSourceObject: {fileID: 0}
  m_PrefabInstance: {fileID: 0}
  m_PrefabAsset: {fileID: 0}
  m_GameObject: {fileID: 449436037465528139}
  m_Enabled: 1
  m_EditorHideFlags: 0
  m_Script: {fileID: 11500000, guid: fe87c0e1cc204ed48ad3b37840f39efc, type: 3}
  m_Name: 
  m_EditorClassIdentifier: 
  m_Material: {fileID: 0}
  m_Color: {r: 1, g: 1, b: 1, a: 1}
  m_RaycastTarget: 1
  m_OnCullStateChanged:
    m_PersistentCalls:
      m_Calls: []
    m_TypeName: UnityEngine.UI.MaskableGraphic+CullStateChangedEvent, Unity.ugui,
      Version=1.0.0.0, Culture=neutral, PublicKeyToken=null
  m_Sprite: {fileID: 21300000, guid: 8da2c5abdf9f80e4294450100f389ec2, type: 3}
  m_Type: 0
  m_PreserveAspect: 0
  m_FillCenter: 1
  m_FillMethod: 4
  m_FillAmount: 1
  m_FillClockwise: 1
  m_FillOrigin: 0
  m_UseSpriteMesh: 0
  m_PixelsPerUnitMultiplier: 1
--- !u!114 &449436037465528140
MonoBehaviour:
  m_ObjectHideFlags: 0
  m_CorrespondingSourceObject: {fileID: 0}
  m_PrefabInstance: {fileID: 0}
  m_PrefabAsset: {fileID: 0}
  m_GameObject: {fileID: 449436037465528139}
  m_Enabled: 1
  m_EditorHideFlags: 0
  m_Script: {fileID: 11500000, guid: 59f32ea73422ad94c9dfabf4fdbea04d, type: 3}
  m_Name: 
  m_EditorClassIdentifier: 
  player: {fileID: 0}
  sprite: {fileID: 21300000, guid: 8da2c5abdf9f80e4294450100f389ec2, type: 3}
  hasCollidedOnce: 0
  rigidBody: {fileID: 0}
  insideLimit: 0
  collisionCollider: {fileID: 4725935626976236090}
  friction: {fileID: 6200000, guid: 5ade3920029b1aa46a922304aa93c162, type: 2}
  noFriction: {fileID: 6200000, guid: ae8e86d9449467d4b90cdc55866871bb, type: 2}
  island: {fileID: 0}
  points: 20
  fitFactor: 6
  isExploding: 0
--- !u!60 &4725935626976236090
PolygonCollider2D:
  m_ObjectHideFlags: 0
  m_CorrespondingSourceObject: {fileID: 0}
  m_PrefabInstance: {fileID: 0}
  m_PrefabAsset: {fileID: 0}
  m_GameObject: {fileID: 449436037465528139}
  m_Enabled: 1
  m_Density: 1
  m_Material: {fileID: 0}
  m_IsTrigger: 0
  m_UsedByEffector: 0
  m_UsedByComposite: 1
  m_Offset: {x: 0, y: 0}
  m_SpriteTilingProperty:
    border: {x: 0, y: 0, z: 0, w: 0}
    pivot: {x: 0.5, y: 0.5}
    oldSize: {x: 2.7, y: 2.7}
    newSize: {x: 2.7, y: 2.7}
    adaptiveTilingThreshold: 0.5
    drawMode: 0
    adaptiveTiling: 0
  m_AutoTiling: 0
  m_Points:
    m_Paths:
    - - {x: 85, y: 25.5}
      - {x: 102, y: 25.5}
      - {x: 102, y: 34}
      - {x: 119, y: 34}
      - {x: 119, y: 42.5}
      - {x: 136, y: 42.5}
      - {x: 136, y: 17}
      - {x: 119, y: 17}
      - {x: 119, y: 8.5}
      - {x: 102, y: 8.5}
      - {x: 102, y: -8.5}
      - {x: 119, y: -8.5}
      - {x: 119, y: -17}
      - {x: 136, y: -17}
      - {x: 136, y: -42.5}
      - {x: 119, y: -42.5}
      - {x: 119, y: -34}
      - {x: 102, y: -34}
      - {x: 102, y: -25.5}
      - {x: 85, y: -25.5}
      - {x: 85, y: -34}
      - {x: 68, y: -34}
      - {x: 68, y: -42.5}
      - {x: -34, y: -42.5}
      - {x: -34, y: -34}
      - {x: -68, y: -34}
      - {x: -68, y: -25.5}
      - {x: -85, y: -25.5}
      - {x: -85, y: -17}
      - {x: -119, y: -17}
      - {x: -119, y: -8.5}
      - {x: -136, y: -8.5}
      - {x: -136, y: 8.5}
      - {x: -119, y: 8.5}
      - {x: -119, y: 17}
      - {x: -85, y: 17}
      - {x: -85, y: 25.5}
      - {x: -68, y: 25.5}
      - {x: -68, y: 34}
      - {x: -34, y: 34}
      - {x: -34, y: 42.5}
      - {x: 68, y: 42.5}
      - {x: 68, y: 34}
      - {x: 85, y: 34}
      - {x: 85, y: 25.5}
--- !u!50 &4259615521037860454
Rigidbody2D:
  serializedVersion: 4
  m_ObjectHideFlags: 0
  m_CorrespondingSourceObject: {fileID: 0}
  m_PrefabInstance: {fileID: 0}
  m_PrefabAsset: {fileID: 0}
  m_GameObject: {fileID: 449436037465528139}
  m_BodyType: 0
  m_Simulated: 1
  m_UseFullKinematicContacts: 0
  m_UseAutoMass: 0
  m_Mass: 1
  m_LinearDrag: 0
  m_AngularDrag: 0
  m_GravityScale: 0
  m_Material: {fileID: 0}
  m_Interpolate: 0
  m_SleepingMode: 0
  m_CollisionDetection: 0
  m_Constraints: 4
--- !u!247 &6148184216602412620
ConstantForce2D:
  m_ObjectHideFlags: 0
  m_CorrespondingSourceObject: {fileID: 0}
  m_PrefabInstance: {fileID: 0}
  m_PrefabAsset: {fileID: 0}
  m_GameObject: {fileID: 449436037465528139}
  m_Enabled: 1
  m_Force: {x: 0, y: 0}
  m_RelativeForce: {x: 0, y: 0}
  m_Torque: 0
